1842 2984
599 147 985 198 CATULLUS.
1020 147 1209 197 LXIV.
1516 152 1579 196 ὅθ

223 277 321 326 Sed
337 277 546 352 primum
561 277 733 325 multas
749 292 1015 352 expromam
1032 287 1187 326 mente
1202 277 1429 340 querelas,
1479 278 1575 326 223

224 342 465 389 Canitiem
488 341 611 390 terra
631 349 772 405 utque
791 342 945 389 infuso
964 341 1157 406 pulvere
1175 341 1351 390 foedans
1366 359 1381 388 ε

225 406 352 453 Inde
372 405 540 453 infecta
561 421 678 468 vago
699 407 977 468 suspendam
999 407 1141 454 lintea
1160 405 1302 462 malo,
1480 408 1577 453 225

121 467 134 478 “
223 470 426 517 Nostros
447 478 502 517 ut
520 469 690 525 luctus,
711 479 971 534 nostrasque
990 470 1201 518 incendia
1218 469 1403 529 mentis,

221 533 462 584 carbasus
483 533 675 582 obscura
696 533 818 582 dicat
836 534 1066 598 ferrugine
1087 535 1237 582 lbera.

224 597 376 656 Quod
395 597 482 646 tibi
502 599 541 650 si
562 598 706 646 sancti
727 598 993 646 concesserit
1010 599 1160 645 incola
1182 597 1323 657 Itoni,

221 661 379 720 (Quae
395 670 602 710 nostrum
624 677 770 724 genus
789 677 844 710 ac
865 662 993 709 sedes
1013 661 1253 709 defendere
1274 661 1403 709 fretis

223 724 438 787 Annuit)
463 735 516 774 ut
537 727 656 774 tauri
675 741 908 790 respergas
930 726 1152 788 sanguine
1172 725 1413 780 dextramz
1478 726 1575 774 23⁰

229 789 365 836 Tum
388 805 494 838 vero
513 790 668 850 facito,
689 799 745 837 ut
766 790 963 838 memori
981 789 1066 838 tibi
1088 789 1271 836 condita
1292 789 1427 837 corde

227 854 352 913 Haec
371 855 558 916 vigeant
577 853 824 911 mandata3
857 869 943 902 nec
963 853 1061 902 ulla
1080 854 1289 902 obliteret
1308 861 1447 901 aetasz

225 917 318 977 Ut,
342 917 558 966 simulac
576 927 751 967 nostros
771 919 970 968 invisent
988 918 1169 966 lumina
1189 918 1346 978 colles,

223 982 484 1030 Funestam
504 991 714 1044 antennae
734 983 966 1046 deponant
985 983 1191 1046 undique
1212 991 1402 1041 vestem,

223 1045 532 1110 Candidaque
551 1047 709 1095 intorti
729 1047 972 1096 sustollant
991 1047 1093 1096 vela
1114 1046 1344 1105 rudentes,
1477 1048 1573 1094 235

225 1107 437 1174 [Lucida
455 1111 551 1174 quit
571 1111 812 1174 splendent
833 1111 1005 1159 summi
1026 1111 1251 1159 carchesia
1270 1112 1385 1158 mali
1399 1111 1441 1177 ε]
1491 1146 1498 1156 .

223 1174 594 1237 Quamprimum
617 1190 802 1224 cernens
819 1184 872 1223 ut
890 1176 1003 1224 laeta
1022 1175 1192 1238 gaudia
1212 1183 1369 1224 mente

222 1239 515 1301 Agnoscam,
537 1255 646 1287 cum
663 1246 710 1286 te
728 1240 943 1291 reducem
966 1253 1077 1287 aetas
1096 1253 1312 1301 prospera
1331 1240 1475 1289 sistet.

291 1302 412 1350 Haec
431 1303 648 1354 mandata
667 1304 798 1368 prius
819 1304 1044 1352 constanti
1062 1312 1219 1352 mente
1240 1312 1471 1352 tenentem

221 1365 428 1426 Thesea,
450 1381 534 1419 ceu
555 1369 701 1430 pulsae
721 1377 963 1416 ventorum
982 1367 1169 1415 flamine
1188 1369 1335 1416 nubes
1470 1367 1567 1416 240

221 1431 428 1479 A‘erium
447 1431 570 1480 nivei
589 1432 772 1488 montis,
794 1433 990 1496 liquere,
1013 1445 1248 1480 cacumen.
1418 1465 1427 1474 .

217 1497 304 1560 At·
317 1503 464 1558 pater,
486 1505 540 1544 ut
559 1497 744 1544 summa
764 1505 1057 1560 prospectum
1078 1511 1137 1543 ex
1158 1510 1261 1542 arce
1278 1495 1445 1556 peteba

219 1559 390 1618 Anxia.
407 1559 458 1616 in
477 1560 683 1608 assiduos
703 1563 951 1609 absumens
970 1559 1152 1606 lumina
1170 1558 1322 1616 fletus,

213 1609 352 1673 ⁴Cum
372 1624 578 1686 primum
598 1625 747 1671 infiati
767 1622 1005 1684 conspexit
1022 1622 1167 1668 lintea
1185 1621 1293 1678 veli,

224 1688 518 1751 Praecipitem
539 1703 636 1736 sese
655 1687 949 1750 scopulorum
968 1700 997 1732 e
1017 1684 1183 1733 vertice
1198 1683 1325 1746 jecit,
1472 1685 1568 1732 245

220 1752 470 1801 Amissum
493 1751 680 1800 credens
699 1751 871 1798 immiti
893 1749 1074 1798 Thesea
1093 1749 1205 1797 fato.

221 1817 318 1876 Sic,
341 1816 524 1864 funesta
543 1815 708 1864 domus
727 1815 959 1878 ingressus
980 1824 1099 1863 tecta
1118 1813 1310 1878 patema

221 1882 398 1944 Morte,
419 1881 551 1932 ferox
575 1881 802 1938 Theseus,
824 1879 1010 1942 qualem
1032 1879 1239 1927 Minoidi
1260 1879 1440 1926 luctum

221 1945 490 2006 obtulerat,
510 1954 668 1994 mente
686 1945 947 1992 immemori
968 1945 1108 1992 talem
1126 1944 1227 2006 ipse
1246 1943 1427 2006 recepit.

220 2010 348 2069 Qum
361 2017 464 2068 tum
479 2020 771 2074 prospectans
787 2008 1021 2056 cedentem
1037 2019 1199 2056 moesta
1213 2008 1433 2066 carinam,
1470 2008 1567 2054 250

222 2073 515 2136 Multiplices
535 2075 692 2122 animo
712 2073 927 2128 volvebat
946 2073 1100 2120 saucia
1120 2087 1265 2121 curas.
1422 2071 1427 2076 ’

223 2139 298 2187 At
317 2146 450 2199 parte
470 2154 528 2186 ex
549 2139 642 2187 alia
662 2139 828 2188 florens
848 2137 1071 2185 volitabat
1090 2135 1305 2199 Iacchus,

224 2203 350 2263 qu
370 2202 518 2250 thiaso
539 2204 828 2268 Satyrorum,
851 2209 898 2249 et
917 2199 1169 2263 Nysigenis
1189 2198 1373 2258 Silenis,

227 2268 301 2315 Te
321 2281 550 2331 quaerens,
572 2269 803 2327 Ariadna,
825 2277 999 2329 tuoque
1018 2265 1233 2311 incensus
1252 2277 1437 2320 amore;
1470 2264 1567 2310 254

225 2331 326 2390 Qui
346 2339 448 2377 tum
469 2331 638 2380 alacres
659 2332 830 2396 passim
849 2329 1095 2393 lymphati,
1114 2337 1267 2376 mente
1286 2326 1518 2386 furebant,

227 2397 350 2444 Euoe
369 2395 661 2456 bacchantes,
685 2397 827 2452 Euoe,
846 2394 999 2457 capita
1018 2392 1317 2440 inflectentes.

226 2460 412 2508 Horum
433 2457 549 2522 pars
563 2459 684 2508 tecta
703 2459 973 2523 quatiebant
992 2457 1177 2521 cuspide
1198 2457 1407 2521 thyrso„

225 2526 340 2572 Pars
361 2539 388 2572 e
407 2523 588 2582 divulso
609 2525 854 2586 raptabant
873 2523 1082 2570 membra
1097 2523 1324 2584 juvenco3

225 2590 338 2648 ‚Pars
359 2603 456 2636 sese
475 2589 604 2638 tortis
624 2587 908 2652 serpentibus
927 2585 1251 2650 incingebant3

225 2653 341 2718 Pal&
356 2653 548 2716 obscura
568 2654 690 2704 cavis
711 2653 1001 2702 celebrabant
1020 2652 1147 2715 orgia
1167 2650 1310 2709 cistis,
1468 2647 1567 2710 260
