1842 2984
619 137 998 214 cATULLth.
1030 139 1217 188 LXIV.
1427 173 1433 178 -
1526 139 1591 193 57

250 265 496 324 Pet’solvit⁷
517 265 720 328 pendens
739 282 764 313 e
785 267 1027 316 verticibus
1048 268 1307 332 praeruptis.
1493 269 1591 316 298

198 363 206 366 -
249 328 374 377 Inde
393 337 523 392 pater
543 329 739 388 Divum,
761 331 919 378 sancta
938 348 1046 380 cum
1067 335 1279 396 conjuge,
1302 332 1510 396 natisque
1603 378 1607 384 .

249 393 464 441 Advenit
487 394 618 451 eoelo,
643 403 687 442 te
708 395 877 453 solum,
901 395 1091 454 Pha-be,
1112 398 1390 460 relinquens,
1494 397 1591 443 300

251 457 611 522 Unigenamque
631 459 772 506 simul
793 458 1027 507 cultricem
1049 463 1281 508 montibus
1302 461 1429 509 Idri:

249 522 397 569 Pelea
415 537 543 579 nam,
566 529 718 570 tecum
739 522 925 584 pariter,
949 539 1071 570 soror
1092 525 1361 588 adspernata
1381 533 1466 584 est,

252 585 359 632 Nee
381 585 594 634 Thetidis
614 587 756 634 taedas
777 587 925 634 voluit
944 587 1167 636 celebrare
1184 589 1383 651 jugale&

250 649 356 708 Qui
374 659 620 714 postquam
641 651 797 698 niveos
818 652 1045 698 flexerunt
1066 653 1248 700 sedibus
1268 663 1411 712 artus,

251 713 408 777 Lai-ge
427 714 673 778 multiplici
693 723 963 762 constructae
982 724 1091 762 sunt
1111 716 1229 779 dape
1249 731 1452 771 mensae3
1500 717 1595 764 305

253 778 383 825 Cum
403 779 588 838 interea,
612 779 796 826 infirmo
817 779 1072 842 quatientes
1092 795 1281 844 corpora
1300 789 1447 840 motu,

251 842 492 890 Veridioos
515 844 672 891 Parcae
692 851 927 906 coeperunt
946 844 1076 892 edere
1096 853 1270 892 cantus.

253 906 350 954 His
375 921 538 968 eorpus
561 908 814 955 tremulum
835 908 1139 970 complectens
1159 908 1364 973 undique
1384 924 1594 972 quercu&

253 971 464 1020 Candida
485 973 718 1035 purpurea
769 987 880 1019 uam
901 973 1031 1036 Tyro
1050 973 1304 1022 incinxerat
1324 973 1406 1022 ora
1420 990 1435 1021 ε

252 1036 330 1083 At
349 1051 476 1082 roseo
495 1036 638 1084 niveae
658 988 914 1084 residebant
934 1039 1099 1086 vertice
1119 1038 1261 1098 vittae,
1500 1037 1601 1085 310

253 1099 598 1163 AEternumque
617 1116 782 1148 manus
802 1103 1049 1164 carpebant
1067 1103 1153 1150 rite
1173 1103 1392 1151 laborem.

253 1165 404 1212 Loeva
422 1164 576 1211 colum
597 1165 730 1212 moni
749 1165 860 1212 lanz}¹
877 1166 1103 1215 retinebat
1120 1167 1344 1215 amictum
1359 1183 1374 1214 ε

255 1229 466 1276 Dextera
486 1239 588 1276 tum
608 1229 769 1276 leviter
789 1229 1017 1278 deducens
1038 1231 1119 1278 fila
1138 1231 1315 1294 supinis

255 1293 512 1342 Formabat
529 1293 715 1356 digitis;
749 1301 852 1342 tum
873 1309 1017 1357 prono
1036 1295 1086 1342 in
1107 1295 1272 1358 pollice
1292 1304 1509 1358 torquens

153 1414 166 1419 ,
255 1357 506 1406 Liba-atum
528 1358 656 1406 tereti
676 1360 884 1406 versabat
903 1359 1087 1408 turbine
1106 1359 1292 1409 fusum:
1502 1358 1599 1404 315

255 1425 424 1484 Atque
442 1422 508 1469 ita
747 1437 770 1469 s
791 1425 1005 1484 aequabat
1022 1438 1201 1486 semper
1219 1439 1335 1488 opus
1355 1423 1497 1479 den83

256 1487 512 1548 Iaaneaque
531 1486 630 1534 arid
683 1485 694 1496 ⁸
741 1486 975 1534 haerebant
994 1501 1147 1535 morsa
1165 1487 1362 1546 labellis,

255 1550 384 1608 Quae
403 1549 530 1612 prius
549 1551 598 1597 in
618 1549 712 1597 levi
729 1549 912 1596 fuerant
933 1551 1161 1598 exstantia
1178 1551 1272 1598 filo.

257 1616 392 1663 Ante
411 1613 553 1677 pedes
569 1622 726 1661 autem
747 1612 983 1660 candentis
1002 1613 1165 1660 mollia
1182 1613 1303 1660 lanae

258 1678 450 1726 Vellera
468 1677 635 1740 virgati
656 1675 945 1724 custodibant
964 1677 1212 1724 calathisci.
1504 1677 1602 1724 320

258 1743 356 1791 11ae
376 1751 478 1789 tum
500 1739 722 1788 clai-ison&
742 1739 963 1801 pellentes
984 1741 1153 1788 vellera
1170 1755 1297 1800 voce,

260 1807 404 1856 Talia
421 1805 580 1854 divino
598 1805 818 1852 fuderunt
838 1804 1039 1854 carmine
1058 1805 1171 1866 fata,

259 1871 498 1928 Carmine,
521 1869 724 1932 perfidiae
745 1868 870 1932 quod
889 1878 993 1932 post
1014 1870 1145 1918 nulla
1164 1879 1325 1934 arguet
1344 1879 1454 1920 aetas
1469 1889 1483 1918 ε

328 1935 378 1983 Ο
399 1935 537 1982 decus
559 1934 802 1992 eximium,
823 1934 1005 1996 magnis
1017 1935 1263 1984 virtutibus
1284 1951 1475 2000 augens,

259 1999 498 2049 Emafliiae
517 2006 724 2046 tutamen
744 1997 863 2060 epia,
885 1999 1133 2047 clarissime
1152 2001 1291 2048 nato!
1510 2001 1605 2047 325

259 2064 382 2112 Aeci
417 2079 458 2123 e,
480 2062 608 2127 quod
627 2061 736 2110 laetss,
756 2061 843 2108 tibi
862 2062 1077 2125 pandunt
1094 2063 1199 2112 luce
1218 2079 1408 2123 sorores,

259 2128 379 2178 Veri
413 2127 535 2176 'cum
556 2127 760 2174 oraclum
775 2143 790 2172 ε
825 2125 904 2173 sed
926 2141 1023 2185 vos,
1046 2143 1153 2190 quae
1172 2127 1268 2176 fata
1286 2135 1558 2191 sequuntur,

261 2185 464 2252 Currite,
487 2191 704 2265 ducentes
726 2190 1006 2250 subtemina,
1028 2191 1207 2245 currite,
1230 2191 1335 2238 fusi.

325 2256 562 2313 Adveniet
582 2256 666 2305 tibi
681 2257 780 2316 jam
802 2263 990 2317 portans
1010 2263 1167 2316 optata
1186 2255 1365 2302 maritis

261 2323 528 2384 Hesperusz
566 2319 776 2367 adveniet
794 2319 949 2366 fausto
968 2333 1077 2366 cum
1098 2318 1245 2367 sidere
1262 2321 1451 2381 conjux,
1506 2319 1603 2366 330

261 2387 389 2446 Quae
409 2385 500 2432 tibi*
517 2383 766 2433 flexanimo
783 2391 990 2431 mentem
1010 2381 1257 2445 perfundat
1276 2399 1449 2442 amore,

261 2449 676 2512 languidulosque
697 2455 826 2508 paret
847 2455 999 2494 tecum
1022 2448 1299 2512 conjungere
1319 2463 1519 2507 somnos,

261 2514 412 2562 Levia
431 2515 724 2561 substernens
743 2512 931 2558 robusto
949 2511 1137 2559 brachia
1155 2513 1287 2561 collo.

261 2577 466 2635 Currite,
490 2577 706 2624 ducentes
727 2575 1006 2634 subtemina,
1029 2577 1214 2636 currite,
1236 2577 1344 2625 fusi.

326 2641 478 2690 Nulla
497 2641 664 2688 domus
685 2640 800 2688 tales
821 2654 1029 2703 unquam
1052 2640 1256 2689 contexit
1274 2654 1482 2688 amoresz
1512 2637 1607 2684 335
