1842 2984
593 106 948 175 Tlsuhms.
986 106 1025 154 1.
1044 94 1106 156 '92
1453 104 1517 151 23

178 235 271 283 Tu
292 236 455 297 procul
475 234 584 281 hinc
602 234 738 292 absis,
759 232 834 281 cui
853 234 1049 283 formam
1070 232 1259 283 vendere
1279 246 1388 279 cura
1408 240 1493 291 est,

251 298 322 346 Et
340 299 539 361 pretium
561 298 698 363 plena
718 298 890 359 grande
909 298 1071 345 referre
1089 312 1247 345 mauu.
1454 298 1521 343 52

175 364 258 411 At
279 372 342 421 te,
365 363 448 425 qui
468 378 666 425 puerum
681 361 814 408 donis
834 376 1119 423 corrumpere
1138 377 1187 409 es
1206 375 1360 420 ausus,

253 426 424 474 Rideat
443 426 634 474 assiduis
655 440 774 472 uxor
791 425 943 472 inulta
962 424 1105 481 dolis;

175 492 271 547 Et,
295 506 403 537 cum
424 488 593 537 furtivo
608 491 824 550 juvenem
843 488 1076 536 lassaverit
1094 503 1200 546 usu,
1456 491 1519 537 55

253 554 433 601 Tecum
453 554 717 617 interposita
737 553 957 615 languida
977 560 1097 599 veste
1118 554 1265 599 cubet.

181 620 384 679 Semper
404 618 495 665 sint
514 627 702 665 externa
721 626 803 663 tuo
825 616 1013 678 vestigia
1032 616 1177 671 lect03

251 682 320 729 Et
340 690 492 743 pateat
511 681 688 744 cupidis
707 688 886 743 ‘semper
905 688 1064 743 aperta
1084 680 1275 727 domus:

182 744 294 794 Nec
315 746 482 793 lasciva
501 760 626 793 soror
645 745 820 793 dicatur
840 745 977 805 plura
995 744 1159 793 bibisse

254 810 448 869 Pocula,
471 810 544 857 vel
563 809 717 873 plures
739 808 981 855 emeruisse
1002 808 1133 855 viros.
1458 807 1521 855 60

183 873 334 921 Illam
357 889 474 937 saepe
494 874 648 921 ferunt
667 872 872 921 convivia
891 870 1055 919 ducere
1074 870 1275 931 Baccho,
1498 884 1505 891 ’

255 937 390 990 Dum
410 946 509 985 rota
531 937 734 985 Luciferi
754 944 966 999 provocet
985 946 1083 983 orta
1104 936 1245 983 diem.

185 1000 288 1049 Im
309 1001 439 1048 nulla
458 1010 598 1065 queat
617 1002 781 1049 melius
799 1016 1061 1049 consumere
1082 1008 1278 1059 noctem,

253 1066 362 1113 Aut
381 1080 570 1128 operum
593 1066 737 1113 varias
758 1064 1030 1129 disposuisse
1050 1064 1185 1113 vices.

188 1129 266 1177 At
288 1137 372 1176 tua
390 1128 656 1191 perdidicit3
690 1144 772 1177 nec
792 1138 860 1189 tu,
883 1129 1167 1189 stultissime,
1192 1127 1349 1189 sentis,
1457 1128 1521 1175 65

256 1193 382 1241 Cum
403 1193 487 1240 tibi
507 1208 600 1240 non
621 1192 753 1241 solita
773 1208 826 1240 co
879 1210 935 1240 us
954 1196 1013 1241 ab
1033 1200 1128 1241 arte
1146 1201 1315 1239 movet.

197 1257 341 1304 Tune
359 1266 493 1320 putas
512 1257 641 1305 illam
663 1271 748 1320 pro
769 1264 813 1304 te
865 1258 1069 1321 inponere
1090 1258 1251 1316 crines,

251 1322 359 1369 Aut
379 1330 535 1369 tenues
555 1322 694 1369 denso
713 1330 888 1383 pectere
908 1322 1043 1369 dente
1062 1336 1214 1369 comas
1229 1323 1253 1368 ?

188 1386 296 1433 Ista
315 1385 412 1433 haec
432 1386 672 1447 persuadet
689 1384 842 1443 facies,
865 1400 1068 1448 auroque
1087 1386 1277 1432 lacertos

253 1448 457 1508 Vinciat,
480 1456 526 1495 et
548 1449 692 1511 Tyrio
712 1448 900 1510 prodeat
918 1458 1026 1511 apta
1046 1449 1168 1495 sinu.
1455 1447 1519 1501 70

193 1514 312 1561 Non
333 1512 436 1574 tibi,
457 1512 536 1560 sed
551 1512 712 1573 juveni
733 1512 933 1571 cuidam,
956 1512 1057 1559 vult
1075 1511 1197 1557 bella
1216 1510 1377 1570 videri,

253 1577 490 1625 Devoveat
508 1591 592 1638 pro
613 1590 708 1637 quo
727 1589 915 1635 remque
934 1574 1215 1635 domumque
1234 1582 1379 1619 tuam.
1475 1582 1481 1587 ’

193 1642 302 1689 Nec
322 1640 432 1688 facit
449 1640 536 1687 hoc
556 1638 696 1695 vitio;
729 1636 808 1683 sed
827 1651 1020 1697 corpora-
1032 1636 1151 1682 foeda
1168 1636 1387 1697 podagra,

179 1712 186 1721 ’
254 1704 323 1752 Et
343 1705 460 1752 senis
482 1702 738 1764 amplexus,
756 1697 880 1747 culta
898 1699 1053 1763 puella
1071 1698 1205 1761 fugit.

183 1770 320 1818 Huic
339 1776 495 1816 tamen
515 1764 728 1813 accubuit
747 1771 896 1811 noster
915 1778 1059 1827 puer;
1092 1762 1218 1811 hunc
1234 1776 1321 1825 ego
1340 1762 1521 1813 credam

253 1833 379 1881 Cum
399 1831 602 1880 trucibus
623 1829 850 1877 Venerem
867 1830 1063 1891 jungere
1081 1843 1211 1891 posse
1232 1827 1354 1878 feris.
1457 1829 1521 1883 76

183 1897 508 1947 Blanditiasne
526 1909 652 1942 meas
666 1892 767 1941 aliis
786 1900 846 1945 tu,
859 1892 1054 1941 vendere
1074 1908 1121 1941 es
1140 1908 1278 1941 ausus
1295 1895 1318 1941 ἒ

257 1962 398 2009 Tune
418 1960 519 2008 aliis
539 1958 726 2006 demens
745 1956 898 2003 oscula
917 1956 1033 2004 ferre
1052 1972 1157 2005 mea
1170 1960 1193 2005 ?

187 2028 332 2076 Tunc
351 2023 496 2084 flebis,
520 2038 626 2071 cum
646 2037 723 2069 me
743 2021 946 2069 vinctum
965 2036 1079 2083 puer
1098 2021 1213 2069 alter
1231 2019 1434 2081 habebit,
1494 2034 1497 2037 ’

257 2090 325 2137 Et
345 2096 470 2151 geret
488 2088 538 2135 in
558 2086 732 2150 gremio
752 2099 892 2147 regna
913 2087 1108 2147 superba
1127 2093 1225 2133 tuo.
1457 2086 1520 2132 80

191 2155 268 2204 At
289 2162 370 2201 tua
389 2160 492 2199 tum
512 2167 589 2201 me
608 2166 742 2215 poena
757 2150 916 2211 juvet3
952 2148 1212 2211 Venerique
1230 2148 1422 2195 meren-ti

259 2218 382 2265 Fixa
399 2224 526 2264 notet
545 2231 676 2264 casus
697 2228 834 2263 aurea
851 2211 1011 2275 palma
1026 2226 1153 2259 meos
1164 2229 1179 2258 z

195 2285 234 2313 ‘⁴
250 2282 390 2330 Hanc
409 2280 510 2340 tibi,
532 2279 686 2327 fallaci
705 2278 931 2326 resolutus
951 2290 1123 2335 amore,
1146 2274 1363 2323 Tibullus

259 2344 469 2401 Dedicat,
490 2352 536 2393 et
554 2343 685 2407 grata
704 2342 781 2402 sis,
804 2341 925 2398 Dea,
946 2346 1115 2401 mente,
1138 2340 1320 2403 rogat.”
1347 2413 1350 2415 -
