1842 2984
301 135 364 183 8⁰
671 125 1053 178 cA'rULLUS.
1085 125 1274 176 xclx.

677 379 981 430 CARMEN
1012 378 1261 430 xcvm.

798 510 883 557 Aa
912 510 1138 558 Vettium·

293 638 356 685 In
379 646 441 696 te,
463 637 504 686 si
523 638 575 686 in
596 652 898 713 quemquam,
920 637 1013 686 dici
1031 645 1157 701 pote,
1177 636 1339 699 putide
1359 637 1511 698 Vetti,

362 703 422 750 Id
446 703 572 766 quod
592 703 791 751 verbosis
812 702 981 750 dicitur
1000 711 1046 750 et
1062 701 1234 750 fatuis.

294 767 397 815 Ista
416 783 524 816 cum
543 767 724 830 lingua,
747 767 786 814 εἰ
805 781 918 813 usus
939 766 1093 814 veniat
1112 765 1213 822 tibi,
1235 765 1383 828 possis

357 831 502 880 Culus
523 839 569 878 et
591 830 798 893 crepidas
816 829 993 892 lingere
1014 829 1281 877 carbatinas.

290 895 344 944 Si
363 910 447 943 nos
467 895 657 943 omniuo
677 895 747 942 vis
767 907 927 941 omnes
947 893 1155 954 perdere,
1177 894 1327 954 Vetti,
1614 897 1649 944 ὅ

353 959 524 1008 Dicas:
562 958 770 1017 omnino,
793 956 919 1020 quod
940 956 1085 1020 cupis,
1108 957 1293 1006 efficies.

695 1209 997 1260 GARMEN
1028 1209 1219 1260 XCIX.

759 1341 842 1387 Aa
859 1342 1163 1389 Juvontium.

291 1466 505 1531 Surripui
525 1469 627 1528 tibi,
648 1468 763 1518 dum
783 1469 925 1528 ludis,
946 1468 1123 1518 mellite
1142 1469 1181 1518 J
1180 1468 1357 1530 aventi,

355 1532 627 1581 Suaviolum
647 1533 773 1582 dulci
793 1533 976 1582 dulcius
993 1533 1239 1582 ambrosia.

290 1595 470 1644 Verum
491 1597 540 1645 id
561 1613 654 1646 non
675 1599 866 1662 impune
879 1597 999 1652 tuli,
1034 1611 1237 1673 namque
1256 1597 1457 1662 amplius
1476 1597 1641 1648 horam

356 1661 624 1709 Suffixum·
611 1677 661 1710 ιιι
683 1663 870 1711 summa
890 1677 969 1710 me
990 1661 1183 1709 memini
1199 1677 1299 1710 esse
1319 1677 1489 1720 cruce,

289 1722 424 1772 Dum
447 1725 534 1772 tibi
553 1741 631 1774 me
650 1741 817 1790 purgo,
841 1741 927 1774 nec
946 1741 1133 1788 possum
1154 1725 1337 1775 fletibus
1357 1725 1469 1776 ullis
1606 1730 1639 1775 5

359 1788 622 1837 Tantillum
643 1799 806 1838 vostroe
827 1789 1010 1837 demere
1030 1790 1227 1838 saevitiae.

291 1852 439 1912 Nam,
463 1853 604 1900 simul
623 1853 674 1900 id
694 1853 868 1901 factum
890 1865 975 1911 est,
996 1854 1156 1902 multis
1176 1854 1326 1903 diluta
1344 1853 1515 1904 labella

355 1916 514 1964 Guttis
533 1917 780 1965 abstersisti
799 1886 1017 1965 omnibus
1036 1917 1268 1966 articulis:

291 1981 370 2028 Ne
390 1980 648 2045 quidquam
669 1989 824 2030 nostro
845 1989 1130 2030 contractum
1152 1998 1213 2030 ex
1232 1997 1311 2031 ore
1330 1991 1555 2045 maneret,

357 2045 626 2110 Tamquam
645 2045 935 2094 comminctae
956 2061 1119 2109 spurca
1138 2047 1284 2096 saliva
1302 2046 1445 2110 lupae.
1578 2049 1641 2099 10

290 2110 518 2158 Praeterea
537 2109 706 2159 infesto
724 2109 948 2158 miserum
968 2125 1047 2158 me
1066 2110 1241 2159 tradere
1260 2111 1408 2158 amon'

355 2175 468 2222 Non
489 2174 689 2234 cessasti,
705 2174 926 2250 omnique
944 2175 1203 2224 excruciare
1222 2175 1393 2230 modo·

287 2238 359 2286 Ut
378 2239 447 2285 mi
469 2254 528 2286 ex
553 2238 780 2288 ambrosio
799 2247 1034 2286 mutatum
1052 2239 1151 2298 jam
1172 2238 1291 2287 foret
1308 2237 1430 2286 illud

354 2303 644 2361 smfiolum,
665 2303 784 2352 tristi
805 2302 981 2350 tristius
1000 2302 1248 2352 helleboro.

289 2365 452 2424 Quam
473 2367 694 2429 quoniam
713 2381 898 2430 poenam
919 2366 1087 2415 misem
1105 2368 1323 2443 prqponis
1342 2369 1507 2431 amori,
1577 2371 1641 2422 15

352 2430 466 2477 Non
487 2445 696 2503 unquam
717 2430 908 2494 posthac
928 2430 1057 2480 basia
1076 2432 1335 2495 mmipiam.
