1842 2984
569 120 1029 173 PROPERTIUS.
1062 123 1139 173 11.
1172 124 1255 173 34.
1526 122 1599 177 ⁶7.

240 251 325 299 Tu
341 265 442 299 non
461 248 768 311 Antimacho,
789 266 883 300 non
905 252 1049 301 tutior
1066 252 1155 300 ibis
1176 252 1417 301 nomm·
1524 250 1595 308 45,

304 315 520 379 Despicit
539 322 586 363 et
604 330 800 379 magnos
819 324 943 364 recta
962 317 1118 379 puella
1136 316 1281 365 Deos.

239 380 336 429 Sed
356 395 452 429 non
475 387 582 427 ante
602 380 732 443 gravi
752 388 912 428 taurus
934 380 1190 428 succumbit
1210 390 1377 442 aratro,

309 444 497 493 Cornua
518 459 662 508 quam
684 444 846 493 validis
866 445 1049 493 haeserit
1068 445 1119 491 in
1138 445 1329 508 laqueis.

240 509 346 557 Nec
367 517 420 556 tu
441 514 540 557 tam
561 508 700 557 duros
721 525 802 572 per
817 517 862 557 te
884 508 1071 573 patieris
1094 524 1303 567 amoresg

308 572 444 621 Trux
469 582 625 620 tamen
647 589 676 620 a
697 574 827 624 nobis
847 583 946 621 arte
965 572 1222 621 domandus
1242 574 1345 623 eris.
1519 575 1583 621 ⁶0

239 636 431 685 Harum
452 637 586 685 nulla
606 638 719 685 solet
739 638 963 685 rationem
986 652 1187 701 quaerere
1207 637 1389 696 mundi,

307 702 358 749 N
359 717 411 750 ec
433 716 516 748 cur
536 701 750 749 fraternis
772 702 912 749 Luna
931 702 1108 749 laboret
1128 702 1287 765 oquin

239 766 348 813 Nec
369 766 411 813 si
431 773 536 829 post
557 766 742 829 Stygias
763 766 941 829 aliquid
960 766 1191 813 restaverit
1210 766 1377 826 undas,

309 831 413 877 Nec
435 830 474 877 si
494 830 702 877 consulto
724 830 925 877 fulmina
944 831 1087 877 missa
1107 838 1279 878 tonent.

239 894 450 957 Adspice
471 908 564 954 me,
589 894 686 947 (cui
705 910 848 958 parva
867 894 997 941 dorni
1018 893 1202 942 fortuma
1222 895 1379 943 relicta
1398 900 1482 953 est,
1523 894 1590 950 aa

307 958 486 1005 Nullus
507 966 553 1005 et
567 958 758 1022 antiquo
781 959 937 1007 Marte
960 958 1221 1021 triumphus
1243 959 1347 1019 avi)

237 1022 313 1071 Ut
331 1038 522 1086 regnem
543 1022 712 1070 mixtas
732 1023 852 1069 inter
873 1022 1064 1070 conviva
1090 1024 1267 1085 puellas

308 1087 433 1145 Hoc,
457 1101 543 1149 ego
563 1102 657 1149 quo
677 1086 761 1135 tibi
781 1101 907 1135 nunc
927 1088 1093 1145 elevor,
1113 1088 1313 1151 ingenio.

243 1152 332 1199 Me
347 1152 481 1213 juvet
501 1150 721 1199 hesternis
737 1152 940 1215 positum
960 1152 1177 1215 languere
1198 1152 1393 1212 corollis,

306 1216 468 1275 Quem
489 1215 637 1277 tetigit
655 1217 782 1276 jactu
804 1224 954 1263 certus
976 1216 1035 1263 ad
1057 1232 1159 1264 ossa
1180 1216 1341 1275 Deum
1520 1216 1586 1262 6⁰

243 1280 389 1328 Actia
409 1279 663 1342 Virgilium
685 1280 884 1327 custodis
905 1281 1041 1328 litora
1062 1280 1245 1342 Phoebi,

311 1344 505 1393 cesaris
526 1352 572 1390 et
591 1343 729 1391 fortes
750 1344 898 1392 dicere
918 1360 1053 1407 posse
1072 1353 1221 1401 rates;

246 1408 350 1469 Qui
371 1422 496 1455 nunc
519 1408 684 1455 AEneoe
703 1408 898 1469 Trojani
921 1409 1107 1455 suscitat
1128 1424 1274 1471 arma,

311 1473 348 1520 J
349 1480 544 1535 actaque
565 1472 754 1520 Lavinis
775 1474 945 1519 moenia
964 1472 1190 1519 litoribus.

248 1536 428 1596 cedite,
452 1537 657 1584 Romani
678 1538 943 1600 scriptores3
976 1536 1139 1593 cedite,
1163 1535 1312 1583 Graii.
1520 1536 1583 1583 ⁶⁶

314 1600 622 1663 Nescio-quid
641 1603 796 1662 majus
817 1600 1020 1647 nascitur
1041 1598 1203 1647 Iliade.
1360 1632 1364 1642 ι

249 1666 332 1714 Tu
352 1665 476 1713 canis
497 1666 704 1713 umbrosi
726 1667 882 1712 subter
901 1664 1061 1727 pineta
1082 1663 1239 1711 Galesi

315 1729 538 1793 Thyrsin,
563 1738 609 1777 et
629 1729 794 1777 attritis
816 1728 1042 1793 Daphnin
1062 1727 1395 1785 arundinibus;

249 1794 412 1857 thue
432 1794 589 1841 decem
610 1794 786 1857 possint
806 1806 1096 1855 eorrumpere
1115 1792 1239 1839 mala
1258 1791 1481 1856 puellam,

313 1858 495 1907 Missus
517 1868 563 1905 et
581 1858 815 1921 impressis
834 1858 995 1906 haedus
1016 1858 1075 1905 ab
1096 1857 1328 1905 uberibus.
1530 1855 1594 1911 70

251 1922 406 1980 Felix,
425 1922 507 1985 qui
528 1921 642 1969 viles
663 1923 813 1986 pomis
833 1922 1049 1970 mercaris
1064 1936 1240 1969 amores
1256 1937 1269 1968 ι

317 1986 464 2043 Huic,
485 1986 592 2034 licet
610 1986 820 2049 ingram,
845 1987 1038 2050 Tityrus
1057 1986 1157 2048 ipse
1178 1994 1325 2033 canat.

251 2050 405 2109 Felix,
427 2050 651 2098 intactum
675 2050 892 2113 Corydon
914 2050 997 2113 qui
1016 2058 1163 2097 tentat
1182 2049 1361 2097 Alexin

314 2114 550 2178 Agricola
569 2114 747 2162 domini
767 2130 953 2177 carpere
973 2113 1176 2161 delicias.

253 2178 486 2240 Quamvis
505 2179 585 2227 ille
603 2192 738 2229 auam
757 2179 906 2226 lassus
927 2178 1179 2241 requiescat
1199 2180 1412 2237 avenam,
1534 2178 1597 2234 75

319 2242 561 2291 Laudatur
583 2244 738 2309 faciles
757 2243 877 2289 inter
900 2241 1269 2303 Hamadryadas.

256 2307 338 2355 Tu
359 2307 484 2355 canis
503 2306 683 2355 Ascraei
699 2306 859 2355 veteris
875 2317 1103 2369 praecepta
1121 2306 1285 2367 poetar,

320 2371 432 2431 Quo
454 2386 580 2434 seges
599 2373 650 2419 in
673 2386 853 2435 campo,
877 2383 971 2432 quo
993 2368 1107 2415 viret
1128 2385 1217 2417 uva
1233 2370 1363 2435 jugo.

262 2434 382 2483 Tale
402 2435 516 2483 facis
536 2451 721 2485 carmen
741 2436 877 2483 docta
897 2432 1141 2491 testudine,
1164 2434 1301 2497 quale

323 2499 556 2564 Cynthius
573 2501 800 2565 impositis
821 2505 1045 2562 temperat
1064 2498 1281 2546 articulis.
1537 2500 1601 2548 80

265 2565 377 2612 Non
399 2572 556 2611 tamen
576 2566 676 2613 haec
696 2565 784 2613 ulli
806 2563 989 2613 venient
1007 2560 1188 2624 ingrata
1205 2563 1392 2627 legenti,

331 2627 438 2676 Sive
458 2627 509 2675 in
531 2643 688 2677 amore
709 2627 854 2689 rudis,
876 2627 970 2675 sive
989 2625 1164 2689 perime
1185 2627 1283 2675 erit.
