1842 2984
295 161 328 206 6
706 155 1075 206 'TIBUIaIaUS-
1113 156 1157 205 1.
1190 158 1238 204 2.

303 286 397 335 ma
417 284 558 345 favet,
579 300 661 333 seu
681 285 786 349 quis
802 285 985 347 juvenis
1006 299 1127 333 nova
1142 281 1309 331 limine
1328 288 1497 341 tentet,
1596 278 1660 333 17

369 350 463 398 Seu
482 358 650 398 reserat
669 350 765 398 fixo
785 350 923 397 dente
942 348 1099 413 puella
1118 348 1253 395 fores.

307 413 402 461 Ina
421 414 552 461 doeet
571 412 733 461 furtim
755 413 886 463 molli
905 412 1173 461 descendere
1192 412 1329 472 lecto,

372 476 466 525 ma
485 476 652 539 pedem
675 478 806 525 nullo
827 491 997 541 ponere
1016 491 1149 539 posse
1168 490 1313 531 sono;
1591 472 1661 520 2⁰

309 540 420 597 ma,
444 542 542 589 viro
563 557 736 603 eoram,
757 549 899 589 nutus
919 540 1124 589 eonferre
1142 540 1379 603 loquaces,

373 605 650 669 Blandaque
670 605 933 669 compositis
954 604 1120 653 abdere
1142 606 1283 653 verbe
1302 602 1440 652 notis·

311 670 414 717 Nec
435 670 565 718 docet
585 670 672 719 hoc
693 686 869 728 umnec-3,
891 669 972 717 sed
992 684 1109 733 quos
1136 683 1221 715 nee
1240 667 1405 715 inertis
1424 665 1593 725 tardat,

376 734 428 781 Ν
429 750 479 783 ee
500 743 622 783 vetat
643 732 834 784 obscura
853 749 1041 796 surgere
1060 741 1192 780 noete
1212 732 1366 780 timor.

313 798 366 845 N
367 814 418 846 ee
440 799 566 857 sinit,
589 807 795 847 occurrat
815 798 1081 862 quisquam,
1100 796 1183 860 qui
1204 810 1393 859 corpora
1410 794 1533 843 ferro
1593 796 1663 847 25

378 862 622 921 vulneret,
645 871 727 911 sut
746 862 880 923 rapta
899 862 1091 926 praemia
1110 868 1233 909 veste
1253 867 1397 923 petat.

316 925 543 989 Quisquis
563 941 718 977 amore
737 935 934 985 tenetur,
958 934 1033 973 eat
1054 933 1274 988 tutusque
1291 938 1511 987 ‚sacerque

381 990 633 1049 Quffibetz
673 989 860 1037 insidias
881 1003 977 1037 non
998 990 1204 1037 timuisse
1224 990 1370 1039 decet.

317 1054 432 1103 Non
453 1053 571 1101 mihi
624 1052 724 1116 igi-s
743 1062 910 1101 nocent
929 1052 1133 1104 hibernae
1151 1053 1324 1116 frigora
1342 1052 1508 1113 noetis,

383 1118 498 1165 Non
519 1118 583 1163 m’
621 1116 632 1127 ”
675 1132 784 1165 cum
804 1117 957 1165 multa
977 1116 1145 1165 desidit
1164 1118 1313 1166 imber
1324 1117 1475 1181 aquii-
1599 1118 1666 1165 3⁰

319 1181 430 1229 Non
452 1181 582 1229 labor
601 1180 678 1229 hie
697 1180 852 1240 laedit;
884 1190 1049 1230 reseret
1067 1182 1207 1231 modo
1223 1181 1369 1231 Delia
1386 1189 1561 1245 posta,
1624 1231 1629 1235 .

383 1246 451 1293 Et
472 1253 601 1293 vocet
619 1244 681 1293 ed
701 1246 834 1308 digiti
854 1260 933 1293 me
954 1246 1179 1294 taeimrna
1200 1260 1383 1298 sonum.

317 1309 500 1357 Pare-ite
518 1307 792 1369 luminibus,
807 1325 895 1357 ¹seu
914 1310 1003 1371 vir,
1026 1326 1109 1358 seu
1130 1310 1303 1361 femina
1322 1310 1407 1359 fias

384 1371 570 1429 Obvi83
606 1373 742 1422 celari
763 1374 865 1421 vult
885 1390 969 1423 sua
989 1373 1113 1423 furtu
1135 1376 1313 1423 Venus.

319 1438 429 1486 Neu
451 1438 642 1501 strepitu
667 1446 828 1486 terrete
847 1438 1040 1501 pedum,
1055 1454 1147 1487 neu
1168 1440 1360 1502 quaerite
1378 1454 1569 1500 nomen,
1600 1440 1665 1487 35

384 1502 496 1550 Neu
516 1517 659 1566 prope
678 1502 876 1566 fulgenti
896 1503 1079 1550 lumine
1098 1502 1212 1551 ferte
1230 1503 1343 1551 fece.

321 1566 479 1630 Siquis
500 1575 547 1614 et
564 1567 832 1629 imprudens
853 1567 1130 1631 adspexerit,
1152 1568 1332 1615 occulat
1350 1567 1448 1628 ille,

387 1632 571 1695 Perque
592 1632 718 1679 Deos
739 1647 898 1680 omnes
919 1647 968 1679 se
988 1632 1249 1679 meminisse
1268 1641 1418 1695 neget.

277 1704 287 1721 ³
324 1694 473 1754 Nam,
495 1696 633 1744 fuerit
653 1696 937 1760 quicumque
954 1696 1147 1759 loquax,
1169 1696 1209 1743 is
1230 1697 1454 1759 sanguine
1472 1705 1649 1757 naum,

389 1759 442 1806 Is
464 1760 694 1807 Venerem
715 1776 742 1808 e
762 1760 923 1823 rapido
944 1760 1106 1809 sentiet
1126 1776 1222 1809 esse
1240 1760 1375 1809 mari.
1602 1756 1665 1810 40

324 1824 429 1871 Nec
449 1831 604 1871 tamen
625 1823 735 1871 huic
749 1824 901 1871 credet
921 1826 1093 1886 conjux
1112 1832 1251 1881 tuus;
1286 1833 1341 1873 ut
1358 1824 1479 1873 mihi
1500 1841 1637 1875 verax

388 1886 603 1935 Pollicita
623 1896 692 1934 est
711 1888 894 1949 magico
913 1903 1027 1951 saga
1046 1889 1311 1937 ministerio.

214 1991 222 2015 ,
313 1951 465 2005 Hanc
485 1965 572 2013 ego
592 1951 650 1999 de
669 1952 782 1999 eoelo
802 1951 1044 2001 dueentem
1066 1953 1213 2001 sidera
1234 1953 1329 2001 vidi
1342 1972 1358 2003 ε

390 2014 623 2065 Fluminis
643 2013 742 2065 haec
763 2015 912 2079 rapidi
932 2017 1135 2065 carmine
1154 2018 1290 2065 vertit
1308 2018 1394 2067 iter
1407 2036 1423 2067 ε

321 2079 440 2128 Haee
461 2087 599 2128 eentu
620 2079 846 2143 finditque
867 2082 1035 2142 solum,
1060 2082 1323 2145 Manesque
1342 2083 1563 2147 sepulcris
1603 2086 1664 2135 45

389 2144 550 2203 Elicit,
571 2152 620 2193 et
640 2144 793 2207 tepido
814 2144 1005 2193 devocet
1023 2162 1125 2193 ossa
1142 2161 1269 2209 rogo.

322 2209 439 2257 Jem
461 2216 584 2257 tenet
603 2208 804 2257 infernas
823 2210 1003 2273 magico
1024 2210 1213 2259 stridore
1233 2219 1451 2273 catervas,
1476 2236 1500 2247 s

387 2273 426 2319 J
425 2287 504 2319 am
515 2274 650 2334 jubet
669 2273 905 2337 adspersas
926 2274 1043 2322 laete
1064 2274 1229 2323 referre
1248 2276 1429 2339 pedem.

325 2336 450 2385 Cum
469 2336 600 2395 libet,
622 2337 722 2385 haee
741 2338 859 2385 tristi
879 2338 1067 2401 depellit
1084 2340 1247 2387 nubila
1266 2339 1379 2389 eoelo
1392 2356 1407 2387 ε

391 2400 516 2447 Cum
535 2400 666 2460 libet,
690 2402 848 2451 *estivo
869 2410 1087 2451 convocet
1106 2406 1217 2452 orbe
1238 2404 1379 2453 nives.
1604 2408 1665 2455 5⁰

323 2461 434 2512 Sole
454 2470 606 2512 tenere
625 2464 772 2514 males
793 2466 979 2514 Medeae
997 2466 1165 2515 dicitur
1182 2468 1367 2528 herba,

389 2524 500 2573 Sole
521 2525 638 2573 feros
659 2528 851 2581 Heeetae
870 2530 1183 2594 perdomuisse
1202 2547 1350 2581 ennes-

324 2590 444 2641 Haee
464 2589 582 2637 mihi
601 2593 858 2654 composuit
877 2604 1055 2654 cantus,
1078 2597 1187 2659 quis
1207 2594 1365 2644 fallere
1382 2612 1557 2661 posses.

385 2653 483 2701 Ter
502 2668 642 2711 cene3
679 2663 748 2707 ter
767 2656 900 2705 dictis
920 2657 1093 2721 despue
1112 2659 1393 2709 carminibus
1411 2678 1427 2710 ε
