1842 2984
575 168 1035 219 PROPERTIUS.
1069 169 1173 219 111.
1204 168 1253 224 7.
1510 168 1589 223 ’77

315 298 477 347 Mater
496 298 548 347 in
569 313 648 347 ore
667 298 754 347 tibi
774 300 878 348 est?
912 312 1007 346 non
1026 298 1166 346 habet
1185 296 1313 345 unda
1334 296 1471 345 Deos.
1494 326 1497 331 -
1534 296 1595 343 18

243 362 382 411 Nam
403 363 492 411 tibi
511 364 765 422 nocturnis,
787 362 848 410 ad
869 378 983 410 saxa
1000 362 1162 424 ligata,
1185 361 1394 424 procellis

316 426 496 475 Omnia
516 426 682 475 detrito
703 427 886 475 vincula
905 426 1019 474 fune
1038 426 1225 474 cadunt.
1530 426 1595 473 20

250 490 376 537 Sunt
395 491 795 553 Agamemnonias
815 490 1028 538 testantia
1046 489 1183 537 litora
1202 505 1351 549 curas,

314 554 431 614 Qua
452 563 584 603 natat
602 555 820 618 Argynni
841 569 977 618 poena
997 552 1218 601 minantis
1238 569 1389 617 aquae.

247 618 361 666 Hoc
379 620 553 680 juvene
573 618 758 678 amisso,
781 618 971 666 classem
994 632 1087 665 non
1109 618 1243 666 solvit
1262 618 1483 675 Atriden
1532 622 1544 629 ‘

318 682 414 730 Pro
436 684 534 746 qua
551 692 751 731 mactata
771 690 840 730 est
861 682 1109 744 Iphigenia
1129 680 1273 729 mora.

248 746 456 795 Reddite
477 762 640 809 corpus
659 746 835 802 humo3
866 746 1112 820 positaque
1132 746 1180 793 in
1202 745 1384 809 gurgite
1399 744 1511 807 vita,

319 811 508 858 Paetum
530 819 692 873 sponte
713 810 810 870 tufi,
833 810 939 858 vilis
958 824 1112 870 arena,
1136 818 1293 874 tegas;
1532 812 1597 859 26

248 874 340 933 Ut,
364 874 544 937 quoties
568 875 686 922 Paeti
706 874 918 923 transibit
938 884 1081 923 nauta
1101 875 1379 939 sepulcrum,

317 938 487 987 Dicat:
529 940 564 967 “
587 940 654 986 Et
673 940 836 987 audaci
857 948 910 986 tu
932 939 1071 987 timor
1092 954 1186 987 esse
1206 938 1383 1002 potes?

251 1000 348 1061 Ite,
371 1012 492 1051 rates
513 1017 673 1051 curvas
693 1012 741 1051 et
759 1004 840 1051 leti
861 1003 1004 1051 texite
1024 1018 1209 1051 causas:

320 1066 422 1115 Ista
442 1083 525 1130 per
543 1067 773 1114 humanas
793 1082 918 1115 mors
940 1068 1067 1115 venit
1085 1076 1188 1116 acta
1206 1082 1389 1116 manus.
1534 1068 1600 1115 30

254 1130 406 1179 Terra
426 1146 592 1195 parum
615 1131 790 1179 flieratz
828 1131 935 1179 fatis
956 1132 1207 1194 adjecimus
1228 1132 1403 1181 undant

320 1196 522 1243 Naturoe
539 1194 730 1243 miseras
750 1196 967 1244 auximus
988 1204 1085 1245 arte
1104 1197 1219 1245 vias.

252 1258 446 1307 Ancora
465 1268 511 1308 te
532 1267 699 1319 teneat,
755 1276 864 1309 uem
883 1275 981 1309 non
1000 1264 1187 1309 tenuere
1201 1268 1387 1325 penates
1400 1264 1425 1312 ἲ

226 1353 232 1359 »
318 1322 452 1382 Quid
478 1324 696 1371 meritum
751 1325 858 1384 'cas‚
881 1325 958 1373 cui
978 1340 1065 1374 sua
1083 1334 1202 1374 terra
1222 1340 1386 1389 parum
1408 1328 1515 1375 est?

253 1386 518 1436 Ventorum
541 1396 626 1447 est,
678 1388 973 1452 uodcumque
995 1404 1128 1451 paras
1143 1407 1157 1436 z
1180 1389 1309 1438 haud
1330 1391 1428 1438 ulla
1448 1390 1603 1439 carina

321 1451 607 1499 Consenuit=
665 1452 767 1499 anit
787 1462 949 1515 portus
970 1462 1016 1501 et
1036 1453 1135 1516 ipse
1155 1454 1312 1502 fidem.
1536 1456 1601 1503 36

257 1515 467 1564 Fortuna
486 1516 676 1564 insidias
694 1525 892 1579 pontum
912 1516 1160 1563 substravit
1180 1518 1345 1565 avaris.

319 1580 392 1628 Ut
413 1581 498 1630 tibi
519 1580 746 1638 succedat,
770 1581 850 1627 vix
871 1580 1015 1627 semel
1037 1594 1131 1626 esse
1151 1588 1318 1643 potest.

256 1644 382 1693 Saxa
403 1644 708 1707 triumphales
725 1644 901 1707 fregere
923 1643 1161 1707 capharea
1181 1658 1378 1707 puppes,

321 1709 565 1772 Naufraga
586 1724 696 1757 cum
716 1716 844 1756 vasto
868 1707 1049 1755 Graecia
1068 1715 1212 1755 tracta
1232 1708 1329 1755 salo
1350 1714 1436 1755 est.
1536 1709 1604 1757 40

256 1772 510 1821 palantum
533 1773 708 1821 socium
726 1773 956 1834 jacturam
976 1772 1103 1820 flevit
1120 1772 1331 1835 Ulysses,

322 1836 382 1885 In
405 1852 532 1885 mare
553 1837 630 1884 cui
650 1837 774 1885 soliti
793 1851 888 1885 non
909 1838 1096 1885 valuere
1114 1836 1227 1885 doli.

257 1900 401 1960 Quod
422 1901 462 1949 si
482 1909 722 1950 contentus
741 1902 892 1964 patrio
915 1904 1035 1951 bove
1053 1909 1246 1949 verteret
1264 1914 1415 1964 agros,

321 1965 572 2028 Verbaque
590 1964 796 2015 duxisset
816 1966 998 2029 pondus
1018 1964 1185 2014 habere
1202 1980 1341 2023 ωας

255 2026 448 2077 Viveret
467 2038 572 2077 ante
593 2044 700 2077 suos
720 2028 868 2077 dulcis
889 2030 1081 2078 conviva
1098 2038 1303 2093 penates,
1533 2029 1601 2077 45

324 2094 528 2159 Pauper,
549 2103 600 2141 at
618 2094 668 2141 in
689 2092 824 2151 terri,
845 2094 916 2141 nil
936 2094 1019 2142 ubi
1045 2094 1153 2141 flere
1171 2101 1335 2157 potest.

257 2157 371 2206 Non
392 2158 504 2205 tulit
516 2158 595 2205 hic
615 2159 774 2206 Poetus
795 2158 1037 2206 snidorem
1056 2158 1216 2206 audire
1234 2156 1461 2221 procelle,

323 2224 427 2271 Nec
448 2222 566 2270 duro
585 2230 762 2271 teneras
780 2222 946 2270 loedere
964 2222 1077 2270 fune
1096 2237 1264 2270 manus
1279 2239 1294 2268 z

259 2286 351 2335 Sed
371 2286 521 2349 thyiae·
533 2286 755 2345 thalamo,
777 2295 860 2334 aut
880 2286 1053 2335 Oriciae
1069 2285 1329 2346 terebinthi,

323 2348 562 2399 Effultum
581 2350 746 2415 pluma
767 2350 1029 2400 versicolore
1050 2366 1105 2399 ca
1134 2359 1201 2399 ut.
1538 2354 1605 2401 fio

260 2413 389 2462 Huic
409 2415 578 2463 fluctus
597 2416 723 2463 vivos
741 2414 960 2463 radicitus
978 2368 1169 2482 abst-vdit
1186 2430 1399 2479 unguesg

323 2478 392 2525 Et
414 2479 545 2541 niger
564 2479 760 2529 invitam
781 2480 923 2528 traxit
941 2478 1095 2528 hiatus
1115 2496 1304 2543 aquam.

261 2541 409 2590 Hunc
428 2558 572 2606 parvo
593 2543 702 2591 ferri
723 2544 839 2592 vidit
858 2558 955 2591 nox
973 2543 1184 2607 improba
1204 2545 1349 2607 ligno.

327 2606 488 2655 Paetus
508 2616 566 2655 ut
583 2607 823 2667 occideret,
846 2616 915 2657 tot
938 2608 1085 2657 coiere
1104 2610 1260 2658 mala!

259 2668 408 2720 Flem
427 2678 584 2721 tamen
607 2673 824 2723 extremis
845 2672 972 2723 dedit
988 2672 1089 2723 haec
1108 2673 1325 2723 mandata
1344 2672 1558 2735 querelis,
