1842 2984
285 134 348 184 34
669 138 1029 187 TIBULLUS.
1064 136 1140 185 IL
1172 140 1226 184 5.

350 264 532 312 Dicitur
550 275 598 313 et
615 276 768 329 raptos
788 266 1055 315 sustinuisse
1072 262 1244 319 Laresz
1562 260 1627 309 2‘0

285 328 385 374 Nec
405 328 500 377 fore
520 330 728 378 credebat
747 330 967 389 Romam,
990 344 1095 377 cum
1117 336 1305 377 rnoestus
1325 329 1385 375 ab
1404 326 1501 373 alto

351 392 490 451 Ilion,
507 393 715 443 ardentes
735 395 1063 459 respiceretque
1083 394 1209 441 Deos
1223 410 1237 439 z

287 454 542 519 (Romulus
563 458 768 507 AEternae
787 458 997 506 nondum
1016 458 1290 505 formaverat
1309 454 1453 504 Urbis

351 520 546 579 Moenia,
568 524 761 571 consorti
783 539 874 570 non
894 521 1145 569 habitanda
1166 520 1317 568 Remo
1331 536 1346 567 ε

286 584 377 631 Sed
399 592 509 633 tunc
528 590 773 649 pascebant
794 588 983 635 herbosa
1006 586 1184 633 Palatia
1203 598 1367 642 vaccae,
1562 582 1625 627 25

351 648 419 695 Et
439 652 620 698 stabant
639 651 838 699 humiles
857 651 907 697 in
930 650 1063 699 Jovis
1083 664 1185 697 aree
1204 663 1336 695 casae.

289 712 432 761 Lacte
451 714 640 763 madens
659 716 755 763 illic
775 718 958 763 suberat
978 715 1078 761 Pan
1100 713 1216 761 ilicis
1236 713 1431 768 umbre,

353 776 421 825 Et
440 778 561 829 facta
579 780 744 842 agresti
763 780 916 842 lignea
936 778 1051 826 falce
1074 777 1210 825 Pales
1228 792 1243 833 ς

290 840 617 905 Pendebatque
637 844 741 906 vagi
761 843 953 907 pastoris
974 842 1023 889 in
1044 844 1202 890 arbore
1222 846 1400 897 votum,

333 906 552 979 ’Garrula
568 907 762 980 silvestri
783 908 938 955 fistula
956 922 1081 954 sacra
1100 906 1205 952 Deo
1222 922 1245 977 ς.
1560 901 1624 947 30

290 970 486 1080 Ἓξ
507 985 732 1081 &iffi
729 970 935 1097 {223⁰ss
908 965 1431 1097 22²33¹32¹q⁶132¹223235

290 1096 377 1155 At,
401 1097 495 1159 qua
516 1097 705 1145 Velabri
724 1098 850 1160 regio
870 1106 1013 1161 patet,
1036 1098 1102 1145 ire
1122 1098 1294 1145 solebat

355 1160 568 1222 Exiguus
589 1159 723 1221 pulsa
777 1178 826 1209 er
846 1163 964 1210 vada
983 1161 1120 1209 linter
1138 1160 1273 1224 aqua.

290 1224 384 1271 1112
405 1240 540 1287 saepe,
563 1225 714 1287 gregis
769 1226 840 1273 'tis
861 1225 1085 1287 placitura
1105 1226 1340 1287 magistro,
1566 1222 1627 1268 35

355 1288 436 1335 Ad
452 1289 670 1348 juvenem
689 1289 806 1337 fest&
827 1298 895 1337 est
912 1298 1043 1337 vecta
1061 1290 1217 1352 puella
1237 1289 1311 1336 die
1324 1302 1339 1333 ε

293 1351 416 1400 Cum
436 1352 532 1415 qua
550 1351 734 1400 fecundi
754 1352 985 1400 redierunt
1004 1368 1197 1401 munera
1215 1352 1348 1408 ruris,

357 1416 544 1477 CaseuS,
568 1424 613 1463 et
633 1417 776 1464 niveae
797 1416 1015 1465 candidus
1035 1432 1183 1481 agnus
1202 1416 1335 1475 ovis.)

290 1484 330 1511 ‘⁶
352 1476 557 1544 Impiger
576 1481 744 1539 AEnea‚
767 1481 997 1529 volitantis
1015 1481 1153 1528 stater
1170 1480 1379 1537 Amoris,

356 1546 501 1593 Troia
521 1545 602 1609 qui
617 1546 824 1609 profugis
844 1560 971 1594 saera
987 1546 1113 1593 vehis
1133 1546 1325 1603 ratibus,
1566 1543 1627 1591 40

291 1609 404 1657 «Iam
422 1610 508 1658 tibi
529 1610 782 1659 Laurentes
802 1610 1003 1673 assignat
1023 1610 1209 1673 Jupiter
1229 1622 1393 1670 ugron

357 1675 474 1723 Jam
491 1680 620 1723 vocat
641 1684 838 1723 errantes
857 1674 1041 1737 hospita
1060 1682 1179 1720 terra
1200 1674 1359 1720 Lares.

294 1736 400 1787 Illic
421 1746 600 1786 sanctus
621 1738 722 1797 πίε,
745 1754 851 1787 cum
873 1746 918 1786 te
936 1737 1191 1787 veneranda
1212 1736 1406 1784 Numici

357 1801 498 1849 Unda
519 1801 678 1849 Deum
697 1804 808 1850 coelo
829 1801 1001 1849 miserit
1020 1800 1286 1865 indigetem.

292 1865 414 1913 Ecce
433 1880 569 1927 super
585 1864 727 1913 fessas
746 1865 906 1915 volitat
925 1865 1128 1914 Victoria
1144 1880 1353 1928 puppes3
1566 1864 1627 1911 45

360 1928 572 1976 Tandem
594 1928 653 1975 ad
675 1929 900 1990 Trojanos
921 1930 1047 1977 Diva
1067 1931 1262 1991 superba
1280 1928 1421 1976 venit.

294 1992 415 2041 Ecce
433 1991 551 2039 mihi
569 1992 724 2041 lucent
744 1993 933 2041 Rutulis
953 1993 1162 2042 incendia
1180 1993 1353 2041 castris.

356 2059 472 2105 Jam
494 2057 578 2105 tibi
598 2057 809 2120 praedico,
825 2060 1016 2106 barbare
1038 2058 1215 2116 Turne,
1237 2072 1413 2105 necem.

293 2125 422 2169 Ante
442 2121 596 2170 oculos
619 2122 824 2169 Laurens
844 2130 1061 2179 castrum,
1082 2136 1334 2184 murusque
1356 2119 1525 2169 Lavini
1542 2122 1627 2177 est,

358 2187 576 2249 Albaque
595 2188 654 2233 ab
673 2186 876 2235 Ascanio
896 2185 1077 2233 condita
1098 2185 1263 2247 Longa
1281 2184 1414 2233 duce.
1563 2186 1624 2231 50

295 2248 369 2297 Te
388 2264 571 2313 quoque
588 2251 688 2311 jam
708 2250 856 2309 video,
879 2249 1027 2297 Marti
1046 2249 1271 2311 placitura
1290 2248 1515 2309 sacerdos,

359 2313 467 2370 Ilia,
483 2313 693 2361 Vestales
713 2313 958 2361 deseruisse
975 2312 1127 2370 focoe3

296 2375 668 2449 Concubitusque
688 2385 790 2425 tuos
808 2378 989 2434 furtim,
1006 2376 1053 2423 vi
1172 2390 1234 2425 ue
1250 2378 1466 2439 jacentes,

359 2440 425 2487 Et
445 2439 598 2500 cupidi
617 2439 678 2485 ad
697 2440 819 2503 ripas
837 2456 967 2489 arma
986 2440 1143 2487 relicta
1214 2442 1273 2489 ei.

295 2502 480 2565 Carpite
499 2516 639 2559 nunc,
655 2504 792 2564 tauri,
814 2505 872 2553 de
892 2514 1066 2567 septem
1086 2504 1320 2553 montibus
1340 2505 1521 2565 herbas,
1562 2506 1622 2551 55

359 2565 493 2613 Dum
513 2566 648 2620 licet;
681 2566 757 2613 hic
776 2583 957 2631 magnae
974 2569 1073 2627 jam
1092 2568 1219 2617 locus
1241 2567 1487 2619 urbi-etit.

297 2630 467 2690 Roma,
491 2637 627 2678 tuum
649 2644 820 2678 nomen-
837 2631 971 2680 terris
992 2631 1127 2681 fatale
1147 2632 1375 2694 regendis,

1784 2261 1803 2385 F*—
