1842 2984
297 166 363 226 76
613 159 1087 216 ·PROPERT1US'.
1119 165 1225 214 111.
1254 163 1302 221 7.

367 296 619 359 Cinctaque
637 295 821 343 funesto
840 295 975 341 lanea
994 294 1110 341 vitta
1130 302 1245 342 toro.
1582 291 1652 340 30

302 360 354 411 Si
375 374 468 408 non
489 374 608 408 vana
628 366 800 408 canunt
821 374 941 418 mea,
966 358 1227 420 Lygdum,
1250 354 1446 413 somnia,
1468 362 1612 403 testor
1628 371 1649 411 ς

366 425 511 473 Poena
531 423 617 473 erit
637 432 743 471 ante
763 438 891 470 meos
914 438 1029 480 sera,
1053 422 1131 469 sed
1154 421 1327 485 ampla,
1350 420 1506 483 pedes.

299 488 458 537 Putris
482 497 528 537 et
543 488 592 535 in
615 502 759 536 vacuo
781 494 962 533 texetur
984 501 1151 533 aranea
1170 486 1287 533 lecto
1301 502 1316 531 z

365 553 594 601 Noctibus
615 552 801 599 illorum
823 550 1019 597 dormiet
1040 549 1141 613 ipsa
1159 551 1337 599 Venus-

827 653 1128 713 Propertt'm.
1494 698 1501 705 ‚

299 732 423 793 Quae
443 731 530 780 tibi
550 731 589 779 si
609 730 726 779 vetis
747 728 914 777 animis
935 736 1004 775 est
1024 736 1185 791 questa
1204 728 1377 790 puella,
1580 728 1650 774 35

367 798 474 845 Hac
493 796 654 843 eadem
673 808 848 850 rui-sua,
871 792 1131 855 Lygdame‚
1156 806 1285 840 curre
1306 792 1413 848 via-3

300 860 366 909 Et
383 876 490 908 mea
503 875 612 908 cum
633 858 792 906 multis
811 856 1029 920 lacrymis
1049 857 1267 905 mandata
1288 864 1486 919 reporta,

368 924 514 981 Iram,
535 938 628 971 non
649 922 850 979 fraudes,
873 936 972 969 esse
990 922 1043 967 in
1064 936 1219 969 amore
1236 936 1370 976 meo;

304 986 393 1037 Me
412 1002 598 1051 quoque
617 986 843 1035 consimili
861 986 1131 1048 impositum
1150 985 1401 1049 torquerier
1418 986 1521 1049 igni
1536 1002 1555 1044 3

364 1051 545 1100 Jurabo
563 1062 610 1100 et
630 1052 702 1099 bis
723 1065 803 1097 sex
822 1050 1001 1112 integer
1020 1064 1119 1097 esse
1138 1050 1249 1097 dies.
1583 1051 1652 1098 41)

303 1116 446 1176 Quod
467 1115 583 1163 mihi
603 1116 644 1164 si
663 1122 792 1163 tanto
811 1114 925 1161 felix
946 1113 1186 1161 concordia
1204 1112 1327 1161 beno

365 1178 623 1239 Exstite'rit,
645 1194 728 1243 per
749 1193 842 1237 me,
866 1178 1127 1241 Lygdame,
1148 1178 1265 1226 liber
1286 1177 1388 1227 eriz.

766 1374 1037 1422 'ELEGIA
1069 1374 1192 1423 VII.

582 1505 661 1551 De
683 1505 851 1551 Morte
872 1505 1005 1551 Pati
1026 1504 1081 1549 ob
1101 1501 1391 1550 Avaritiam.

303 1632 434 1694 Ergo
453 1632 657 1681 sollicitae
677 1641 730 1681 tu
751 1646 906 1691 eausa,
930 1630 1140 1695 pecunia,
1162 1630 1269 1679 vitae
1288 1630 1367 1677 es!

370 1697 461 1744 Per
481 1705 526 1744 te
545 1698 851 1745 immaturum
870 1696 1031 1743 mortis
1050 1695 1233 1742 adimus
1255 1695 1355 1741 iter.

307 1759 388 1808 Tu
411 1755 532 1807 vitiis
552 1760 796 1807 hominum
819 1759 1021 1807 crudelia
1042 1758 1215 1822 pabula
1233 1761 1440 1821 praebes;

371 1824 560 1873 Semina
580 1838 794 1871 curarum
815 1824 874 1870 de
894 1824 1043 1887 eapite
1062 1831 1163 1870 orta
1185 1831 1279 1870 tuo.

305 1887 386 1936 Tu
407 1888 608 1947 Panum,
633 1887 694 1935 ad
715 1887 908 1936 Pharios
928 1887 1191 1941 tendentem
1212 1887 1355 1934 lintea
1374 1894 1557 1951 portus,
1620 1890 1653 1935 5

371 1949 546 2000 Obruis
565 1952 729 1999 insum
749 1960 908 2015 terque
928 1960 1180 2015 quaterque
1200 1951 1330 1998 mari.

307 2017 454 2075 Nam,
477 2015 590 2063 dum
613 2024 660 2063 te
680 2016 901 2079 sequitur,
926 2016 1077 2077 primo
1096 2015 1236 2063 miser
1256 2016 1427 2064 excidit
1446 2030 1563 2077 aevo,

367 2081 434 2128 Et
454 2095 574 2128 nova
594 2080 858 2143 longinquis
880 2080 1082 2143 piscibus
1102 2094 1204 2127 esea
1224 2088 1367 2127 natat.

304 2142 373 2193 Et
393 2153 540 2192 mater
559 2158 651 2192 non
669 2146 797 2205 justa
815 2144 906 2207 piae
927 2144 1036 2191 dare
1055 2144 1209 2191 debita
1228 2159 1376 2202 term,

368 2208 471 2255 Nec
490 2216 597 2271 pote
617 2216 836 2270 cognatos
853 2209 973 2256 inter
992 2208 1189 2255 humare
1209 2222 1357 2271 rogos.
1587 2210 1649 2258 10

303 2271 396 2320 Sed
417 2281 498 2319 tua
518 2286 644 2320 nune
663 2272 870 2321 volucres
889 2272 1073 2319 adstant
1094 2288 1230 2335 super
1244 2287 1349 2319 ossa
1364 2271 1559 2321 marinae
1572 2290 1591 2321 t
1612 2299 1621 2309 ·

366 2336 509 2383 Nunc
526 2332 615 2383 'fibi
631 2352 715 2397 pro
731 2337 914 2384 tumulo
936 2336 1240 2399 Carpathium
1260 2350 1402 2385 omne
1418 2352 1563 2385 mare.

301 2396 478 2445 Infelix
502 2400 694 2461 Aquilo,
719 2409 859 2463 raptae
879 2401 1019 2448 timor
1039 2399 1285 2463 Orithyiae‚

367 2460 489 2519 Quae
509 2462 656 2523 spolia
677 2478 735 2509 ex
756 2464 838 2510 illo
856 2473 986 2512 tanta
1006 2465 1135 2512 fuere
1156 2464 1242 2512 tibi
1258 2467 1281 2513 Ρ
1526 2484 1535 2491 ·
1613 2465 1620 2471 ’

300 2524 408 2571 Aut
427 2523 650 2585 quidnam
670 2525 816 2573 fracta
836 2528 1025 2589 gaudes,
1049 2529 1289 2591 Neptune,
1312 2530 1468 2579 earin‘a
1484 2534 1509 2579 Ρ
1588 2532 1651 2578 15

364 2588 584 2634 Portabat
598 2599 776 2635 sanctos
797 2590 955 2639 alveus
975 2592 1055 2639 ille
1074 2592 1209 2639 viros-

298 2649 444 2709 Paete,
467 2650 580 2713 quid
601 2658 784 2699 oetatem
805 2666 1023 2703 numeras
1038 2658 1060 2703 Ρ
1092 2656 1209 2717 quid
1227 2672 1335 2705 cara
1355 2660 1539 2710 natanti
1590 2694 1614 2701 .-
