1842 2984
304 134 374 181 18-

657 105 1033 188 &Am-umus.
1070 131 1267 180 xx1v.
1327 164 1336 172 ,

437 261 502 308 Et
523 277 630 308 cum
653 264 846 324 conjuge
867 261 1022 325 lignea
1041 261 1254 324 parentis.

440 326 542 372 Nec
561 325 762 372 mirum:
799 328 914 373 bene
935 341 1043 373 nam
1066 325 1227 373 valetis
1245 338 1405 372 omnes
1421 341 1435 370 ε

442 389 639 436 Pulchre
659 389 939 453 concoquitis
951 407 967 448 ;
1002 389 1118 436 nihil
1139 387 1341 445 timetis3

441 452 490 498 N
493 467 554 499 on
572 453 798 511 incendia,
821 469 914 502 non
935 469 1095 517 graves
1116 452 1288 510 ruinas,

373 553 379 558 ,
443 516 554 562 Non
574 516 695 564 facta
714 517 875 580 impia,
899 533 991 565 non
1015 518 1141 565 dolos
1164 515 1344 576 veneni,

441 579 492 626 N
493 594 552 627 on
574 595 704 628 casus
724 581 838 629 alios
858 582 1179 646 periculorum.

441 643 594 707 Atqui
613 659 800 708 corpora
820 646 1003 694 sicciora
1024 659 1184 704 cornu,

443 707 563 768 Aut,
587 708 737 772 siquid
759 710 907 773 magis
928 710 1110 758 aridum
1132 717 1215 768 est,
1238 706 1433 766 habetis,

360 769 380 784 ⁵
444 772 567 831 Sole,
589 781 634 819 et
652 772 839 836 frigore,
863 783 909 822 et
928 773 1183 821 esuritione.

442 834 600 893 Quare
621 851 713 883 non
735 836 819 884 tibi
841 837 899 883 sit
919 840 1036 884 bene
1056 853 1109 884 ac
1128 838 1261 884 beate
1275 838 1298 883 P

443 899 494 946 A
516 907 562 946 te
582 899 720 946 sudor
743 900 886 958 abest,
907 902 1036 947 abest
1056 901 1217 958 saliva,

447 962 728 1024 Mucusque,
749 970 796 1008 et
815 963 941 1010 mala
959 963 1128 1026 pituita
1148 961 1261 1009 nasi.

445 1026 583 1072 Hanc
601 1025 662 1072 ad
681 1025 957 1073 munditiem
978 1026 1096 1073 adde
1116 1024 1425 1086 mundiorem,

445 1088 584 1147 Quod
607 1089 737 1136 culus
758 1089 844 1136 tibi
863 1091 1022 1153 purior
1042 1089 1191 1137 salillo
1212 1097 1310 1147 θεῖς

447 1153 550 1200 Nec
569 1160 665 1199 toto
684 1153 830 1200 decies
851 1169 978 1202 cacas
998 1154 1048 1200 in
1068 1165 1219 1201 anno:

444 1217 606 1279 Atque
625 1215 676 1262 id
695 1217 855 1264 durius
875 1227 945 1265 est
963 1217 1073 1266 faba
1094 1227 1140 1265 et
1158 1217 1359 1281 lapilli„

447 1279 589 1337 Quod
611 1287 662 1327 tu
684 1280 723 1327 si
742 1282 957 1329 manibus
978 1291 1113 1342 teras,
1134 1281 1373 1345 fiicesque,

448 1343 499 1392 N
500 1357 560 1390 on
580 1359 789 1407 unquam
811 1345 1010 1408 digitum
1026 1345 1267 1408 inquinare
1285 1344 1445 1408 possis.

448 1407 566 1454 Haec
586 1417 640 1454 tu
661 1409 902 1456 commoda
923 1419 1019 1457 tam
1040 1411 1193 1469 beata,
1214 1409 1347 1467 Furi,

449 1469 561 1518 Noli
583 1487 808 1534 spernere,
830 1488 914 1522 nec
935 1482 1098 1538 putare
1117 1473 1281 1537 parvi;

450 1536 517 1582 Et
537 1536 756 1594 sestertia,
779 1553 884 1601 quae
905 1539 1041 1598 soles,
1070 1537 1246 1602 precari

453 1600 651 1648 Centum
673 1601 828 1650 desine
845 1619 860 1659 ς
895 1617 1006 1651 nam
1027 1610 1099 1650 sat
1118 1617 1167 1650 es
1183 1603 1357 1651 beatus.

723 1790 1023 1840 CARMEN
1056 1793 1252 1842 XXIV.

666 1917 746 1964 Ad
765 1920 808 1966 J
807 1921 1051 1968 aventium
1074 1924 1305 1970 Puerum.

453 2043 502 2092 Ο
522 2046 604 2109 qui
624 2046 838 2095 flosculus
858 2063 906 2096 es
926 2049 1272 2109 Juventiorum,

453 2108 504 2155 N
505 2124 564 2156 on
585 2110 752 2159 horum
773 2113 930 2173 modo,
952 2114 1035 2161 sed
1054 2123 1168 2189 quot
1182 2124 1264 2163 aut
1277 2113 1480 2171 fuerunt,

453 2172 558 2220 Aut
577 2175 765 2237 posthac
785 2176 887 2224 aliis
909 2185 1045 2225 erunt
1066 2193 1115 2224 1n
1137 2178 1302 2226 annis!

453 2236 652 2286 Mallem
673 2239 854 2288 divitias
873 2241 991 2288 mihi
1011 2241 1210 2289 dedisses

453 2300 556 2360 Isti,
578 2302 688 2364 quoi
707 2317 858 2368 neque
877 2320 1033 2353 servus
1052 2313 1123 2354 est
1141 2320 1291 2370 neque
1310 2321 1431 2366 arcu,

453 2364 611 2421 Quam
631 2366 695 2413 sic
715 2376 762 2414 te
789 2367 957 2416 sineres
978 2371 1037 2417 ab
1058 2369 1141 2417 illo
1161 2371 1333 2418 amari.

454 2428 556 2487 Qui
571 2431 594 2476 Ρ
625 2445 718 2477 non
741 2439 809 2479 est
829 2431 971 2481 homo
990 2435 1138 2482 bellus
1153 2437 1176 2482 Ρ
1207 2434 1403 2499 inquies.
1452 2423 1571 2484 Estz

455 2491 546 2542 Sed
568 2495 687 2543 bello
707 2494 817 2543 huic
837 2511 987 2561 neque
1008 2515 1164 2548 servus
1184 2508 1255 2548 est
1273 2515 1558 2564 nequeumt.

457 2557 573 2606 Haec
595 2569 663 2619 tu,
687 2575 830 2624 quam
851 2561 997 2623 lubet,
1020 2563 1183 2626 abjice,
1208 2565 1427 2628 elevaqti'e
1439 2582 1457 2623 ;

454 2623 554 2671 Nec
570 2639 750 2674 servum
773 2634 929 2675 tamen
945 2627 1024 2676 ille
1043 2629 1184 2678 habet
1204 2643 1353 2693 neque
1372 2645 1542 2679 neam.

1224 2791 1254 2812 ἱ

1588 516 1650 564 10

1588 837 1650 882 15

1590 1477 1655 1522 25

1602 2632 1664 2680 10
