1842 2984
311 108 376 155 46
695 101 1272 152 TIBULLUS.111.6.

314 236 388 283 Ite
406 234 581 297 procul,
603 233 790 291 durum,
809 247 947 289 curae,
970 231 1145 293 genus!
1180 230 1261 289 ite,
1282 228 1491 275 labores,
1469 228 1491 259 ⁸
1627 228 1657 280 7

379 298 577 345 Fulserit
596 297 676 345 hic
694 297 838 344 niveis
859 296 1028 343 Delius
1047 294 1251 341 alitibus.

317 360 415 409 Vos
435 362 574 409 modo
594 360 842 435 proposito,
863 359 1038 419 dulces,
1059 358 1267 418 faveatis,
1289 355 1459 411 amici3

381 427 514 473 Neve
532 434 669 488 neget
686 425 953 488 quisquam,
974 437 1051 470 me
1071 422 1205 479 duce,
1227 438 1276 469 se
1294 420 1527 469 comitem.
1598 418 1659 465 lo

317 489 422 537 Aut
441 489 584 553 siquis
603 489 699 537 vini
719 497 947 535 certamen
972 487 1085 534 mite
1102 492 1296 540 recusat,

381 554 535 602 Fallat
556 569 664 601 eum
685 562 802 601 tecto
820 568 923 600 cara
943 550 1100 614 puella
1120 550 1241 597 dolo.

321 618 411 666 Ille
431 618 539 667 facit
558 618 675 666 dites
695 617 871 665 animos
891 616 1053 663 Deus·
1039 649 1052 661 .
1087 614 1167 661 ille
1185 613 1384 662 ferocem

385 682 624 740 Contudit,
641 691 688 729 et
707 682 905 729 dominae
926 679 1053 727 misit
1072 678 1123 725 in
1142 678 1399 725 arbitrium.

320 746 568 795 Armenias
587 746 726 809 tigres
745 754 791 793 et
809 744 959 793 fulvas
979 744 1059 790 ille
1078 744 1245 789 leaenas
1600 742 1665 789 15

385 812 530 871 Vicit,
546 820 593 858 et
610 810 845 857 indomitis
865 807 1027 855 mollia
1045 807 1182 854 corda
1200 806 1342 855 dedit.

324 876 442 923 Haec
462 877 614 923 Amor
633 884 680 921 et
698 875 873 933 majora
892 873 1046 933 valet,
1079 871 1159 919 sed
1178 871 1351 933 poscite
1370 872 1547 919 Bacchi
1614 873 1623 931 j

389 940 621 997 Munera3
655 953 795 1001 quem
815 940 1016 985 vestrum
1036 936 1201 999 pocula
1222 935 1339 983 sicca
1355 937 1523 997 juvant
1536 939 1560 985 i>

326 1002 552 1052 Convenit
571 1018 630 1049 ex
651 1018 800 1064 aequo,
823 1016 906 1049 nec
928 1010 1082 1049 torvus
1102 1000 1278 1047 Liber
1263 1015 1315 1047 m
1334 1000 1445 1061 illis,
1618 1030 1627 1037 ·

389 1066 491 1125 Qui
511 1081 574 1123 se,
597 1065 770 1128 quique
789 1066 885 1113 una
904 1065 1015 1113 vina
1023 1066 1183 1140 jocosa
1202 1064 1375 1112 colunt.
1607 1066 1671 1112 20

325 1132 362 1179 J
362 1146 441 1179 am
461 1130 586 1177 venit
604 1130 748 1177 iratus
767 1129 965 1177 nimium
988 1129 1278 1191 nimiumque
1298 1128 1495 1176 severis·
1618 1132 1628 1137 ”

391 1194 491 1253 Qui
511 1194 642 1240 timet
660 1192 765 1240 irati
784 1193 980 1240 numina
998 1208 1185 1256 magna,
1207 1192 1350 1239 bibat.

330 1258 506 1318 Quales
519 1257 592 1303 his
613 1271 770 1331 poenas
790 1257 943 1320 qualis
962 1266 1255 1320 quantusque
1274 1256 1497 1315 minetur,

396 1321 612 1370 Cadmeae
630 1320 802 1369 matris
796 1321 964 1384 praeda
984 1330 1170 1369 cruenta
1189 1320 1333 1374 docet.

329 1387 424 1435 Sed
443 1386 604 1448 procul
623 1401 652 1432 a
670 1385 804 1433 nobis
826 1384 902 1432 hic
924 1386 983 1433 sit
1002 1386 1167 1443 timor3
1140 1385 1391 1497 Dillnque,
1414 1386 1549 1449 siqua
1566 1394 1671 1497 est,6

394 1450 526 1509 Quid
545 1450 693 1497 valent
710 1449 825 1509 laesi,
849 1449 1029 1509 sentiat,
1051 1450 1121 1498 ira
1140 1449 1246 1497 Dei.

332 1514 465 1574 Quid
484 1529 658 1579 precor,
679 1513 770 1562 ah!
795 1514 983 1561 demens
996 1517 1020 1561 ?
1051 1514 1177 1561 venti
1197 1514 1440 1563 temeraria
1459 1453 1639 1576 m?

395 1579 548 1627 Αὲιίω
569 1587 614 1626 et
633 1580 796 1637 nubes,
817 1577 1072 1640 difipienda
1092 1578 1271 1626 ferant!

332 1644 562 1703 Quamvis
580 1643 711 1691 nulla
729 1642 824 1691 mei
842 1650 1047 1704 superest
1065 1642 1150 1690 tibi
1168 1658 1295 1703 cura,
1318 1643 1503 1703 Neaera,
1622 1685 1631 1691 .

397 1708 472 1757 Sis
492 1708 621 1767 felix,
645 1717 691 1755 et
709 1708 801 1755 sint
819 1706 1014 1755 candida
1032 1706 1129 1753 fata
1148 1714 1245 1755 tua.
1609 1708 1673 1755 30

335 1772 404 1819 At
423 1786 506 1818 nos
527 1786 694 1819 securae
713 1771 959 1819 reddamus
976 1778 1185 1833 tempora
1204 1787 1391 1820 mensae.

398 1835 544 1883 Venit
561 1843 665 1897 post
683 1834 856 1883 multos
875 1849 973 1882 una
990 1849 1149 1883 serena
1168 1835 1280 1883 dies.

293 1907 296 1915 ’
337 1898 434 1946 Hei
451 1898 598 1945 mihi!
634 1897 817 1945 difficile
837 1906 904 1947 est
924 1899 1097 1947 imitari
1113 1899 1285 1976 gaudia
1302 1900 1451 1957 falsu

400 1961 600 2010 Difficile
619 1970 688 2009 est
844 1962 1016 2025 fingere
1032 1972 1188 2013 mente
1204 1966 1393 2025 jocum3

337 2029 389 2076 N
389 2043 440 2077 ec
459 2030 577 2076 bene
593 1962 824 2073 menfflfnti
823 2027 941 2075 risus
961 2028 1249 2090 componitur
1269 2044 1376 2085 ore·
1613 2029 1677 2077 35

401 2093 453 2140 N
454 2107 505 2140 ec
524 2093 638 2139 bene
658 2090 859 2139 sollicitis
879 2093 1005 2139 ebria
1024 2095 1163 2141 verba
1181 2103 1361 2142 sonant.

338 2156 469 2216 Quid
488 2170 653 2220 queror
671 2155 833 2203 infelix
849 2158 872 2204 ἰ’
905 2165 1080 2219 turpes,
1102 2156 1333 2219 discedite,
1356 2173 1490 2207 curae.

402 2220 519 2269 Odit
540 2220 738 2269 Leuaeus
756 2220 904 2268 tristia
924 2222 1063 2269 verba
1081 2230 1224 2283 pater.

340 2284 554 2343 Gnossia,
575 2284 768 2333 Thesea
787 2284 1023 2347 quondam
1042 2286 1245 2349 perjuria
1263 2286 1437 2350 lingue

403 2348 610 2406 nevisti,
631 2347 789 2410 ignoto
807 2349 906 2397 sola
921 2349 1082 2397 relicta
1100 2350 1235 2397 mari.
1618 2353 1684 2400 40

342 2412 418 2459 Sic
435 2412 600 2459 cecinit
617 2426 702 2473 pro
721 2420 767 2459 te
787 2412 964 2487 «lconis,
988 2414 1163 2473 Minoi,
1186 2414 1420 2475 Catullus,

409 2474 588 2535 Ingrati
607 2474 836 2523 referens
821 2477 971 2540 impia
987 2477 1108 2525 facta
1128 2479 1229 2526 viri.

347 2538 443 2585 Vos
464 2552 549 2599 ego
569 2552 693 2586 nunc
713 2553 905 2587 moneo:
942 2540 1073 2601 felix,
1095 2542 1396 2608 quicumque,
1418 2544 1577 2593 dolore

409 2601 628 2660 Alterius,
652 2601 803 2651 disces
817 2619 947 2665 posse
968 2619 1117 2653 carere
1138 2614 1233 2655 tuo.
